@article{dodds_2019_spatial,
  author = {Dodds, Eric McVoy and Livezey, Jesse Alexander and DeWeese, Michael Robert},
  month = {09},
  publisher = {Cold Spring Harbor Laboratory},
  title = {Spatial whitening in the retina may be necessary for V1 to learn a sparse representation of natural scenes},
  doi = {10.1101/776799},
  urldate = {2025-02-07},
  year = {2019},
  journal = {bioRxiv (Cold Spring Harbor Laboratory)}
}

@article{field_1994_what,
  author = {Field, David J.},
  month = {07},
  pages = {559-601},
  title = {What Is the Goal of Sensory Coding?},
  doi = {10.1162/neco.1994.6.4.559},
  urldate = {2022-05-30},
  volume = {6},
  year = {1994},
  journal = {Neural Computation}
}

@article{lennie_2003_receptive,
  author = {Lennie, Peter},
  pages = {R216-R219},
  publisher = {Elsevier},
  title = {Receptive fields},
  doi = {10.1016/S09609822(03)001532},
  url = {https://doi.org/10.1016/S09609822(03)001532},
  urldate = {2025-02-07},
  volume = {13},
  year = {2003},
  journal = {Current Biology}
}

@article{olshausen_1997_sparse,
  author = {Olshausen, Bruno A. and Field, David J.},
  month = {12},
  pages = {3311-3325},
  title = {Sparse coding with an overcomplete basis set: A strategy employed by V1?},
  doi = {10.1016/s0042-6989(97)00169-7},
  urldate = {2021-04-26},
  volume = {37},
  year = {1997},
  journal = {Vision Research}
}

@article{olshausen_2004_sparse,
  author = {Olshuasen, B and Field, D},
  month = {08},
  pages = {481-487},
  title = {Sparse coding of sensory inputs},
  doi = {10.1016/j.conb.2004.07.007},
  volume = {14},
  year = {2004},
  journal = {Current Opinion in Neurobiology}
}

@article{willmore_2001_characterizing,
  author = {Willmore, B. and Tolhurst, D.J.},
  month = {01},
  pages = {255-270},
  title = {Characterizing the sparseness of neural codes},
  doi = {10.1080/net.12.3.255.270},
  urldate = {2022-10-03},
  volume = {12},
  year = {2001},
  journal = {Network: Computation in Neural Systems}
}

@article{zhu_2023_statistics,
  author = {Zhu, Song-Chun and Wu, Ying Nian},
  month = {01},
  pages = {19-35},
  publisher = {Springer Nature},
  title = {Statistics of Natural Images},
  doi = {10.1007/978-3-030-96530-3_2},
  urldate = {2025-02-07},
  year = {2023},
  journal = {Springer eBooks}
}